@article{erickson2009energy,
  title={Energy efficient building environment control strategies using real-time occupancy measurements},
  author={Erickson, Varick L and Lin, Yiqing and Kamthe, Ankur and Brahme, Rohini and Surana, Amit and Cerpa, Alberto E and Sohn, Michael D and Narayanan, Satish},
  booktitle={Proceedings of the First ACM Workshop on Embedded Sensing Systems for Energy-Efficiency in Buildings},
  pages={19--24},
  year={2009},
  organization={ACM}
}
@article{agarwal2009augnet,
  title={Somniloquy: Augmenting Network Interfaces to Reduce PC Energy Usage.},
  author={Agarwal, Yuvraj and Hodges, Steve and Chandra, Ranveer and Scott, James and Bahl, Paramvir and Gupta, Rajesh},
  booktitle={NSDI},
  volume={9},
  pages={365--380},
  year={2009}
}
@article{agarwal2010sleep,
  title={Sleepserver: A software-only approach for reducing the energy consumption of pcs within enterprise environments},
  author={Agarwal, Yuvraj and Savage, Stefan and Gupta, Rajesh},
  booktitle={Proceedings of the 2010 USENIX conference on USENIX annual technical conference},
  pages={22--22},
  year={2010},
  organization={USENIX Association}
}
@article{gao2009selfprog,
  title={The self-programming thermostat: optimizing setback schedules based on home occupancy patterns},
  author={Gao, Ge and Whitehouse, Kamin},
  booktitle={Proceedings of the First ACM Workshop on Embedded Sensing Systems for Energy-Efficiency in Buildings},
  pages={67--72},
  year={2009},
  organization={ACM}
}
@article{delaney2009eval,
  title={Evaluation of energy-efficiency in lighting systems using sensor networks},
  author={Delaney, Declan T and O'Hare, Gregory MP and Ruzzelli, Antonio G},
  booktitle={Proceedings of the First ACM Workshop on Embedded Sensing Systems for Energy-Efficiency in Buildings},
  pages={61--66},
  year={2009},
  organization={ACM}
}
@article{hobby2012analysis,
  title={Analysis and methodology to segregate residential electricity consumption in different taxonomies},
  author={Hobby, John D and Shoshitaishvili, Alexander and Tucci, Gabriel H},
  journal={IEEE Transactions on Smart Grid },
  volume={3},
  number={1},
  pages={217--224},
  year={2012},
  publisher={IEEE}
}
@misc{bias1999elec,
  title={Electronic programmable thermostat with temporary reset},
  author={Bias, Larry Stephen and Cheng, Chung Ming},
  year={1999},
  month=aug # "~17",
  publisher={Google Patents}
}
@article{thomas2012intelligent,
  title={Intelligent residential air-conditioning system with smart-grid functionality},
  author={Thomas, Auswin George and Jahangiri, Pedram and Wu, Di and Cai, Chengrui and Zhao, Huan and Aliprantis, Dionysios C and Tesfatsion, Leigh},
  journal={IEEE Transactions on Smart Grid},
  volume={3},
  number={4},
  pages={2240--2251},
  year={2012},
  publisher={IEEE}
}
@article{lu2012eval,
  title={An evaluation of the HVAC load potential for providing load balancing service},
  author={Lu, Ning},
  journal={IEEE Transactions on Smart Grid},
  volume={3},
  number={3},
  pages={1263--1270},
  year={2012},
  publisher={IEEE}
}
@article{scott2011ctrl,
  title={PreHeat: controlling home heating using occupancy prediction},
  author={Scott, James and Bernheim Brush, AJ and Krumm, John and Meyers, Brian and Hazas, Michael and Hodges, Stephen and Villar, Nicolas},
  booktitle={Proceedings of the 13th international conference on Ubiquitous computing},
  pages={281--290},
  year={2011},
  organization={ACM}
}
@article{mozer1997neurothermostat,
  title={The neurothermostat: Predictive optimal control of residential heating systems},
  author={Mozer, Michael C and Vidmar, Lucky and Dodier, Robert H and others},
  journal={Advances in Neural Information Processing Systems},
  pages={953--959},
  year={1997},
  publisher={Citeseer}
}
@article{lu2010smartthermostat,
  title={The smart thermostat: using occupancy sensors to save energy in homes},
  author={Lu, Jiakang and Sookoor, Tamim and Srinivasan, Vijay and Gao, Ge and Holben, Brian and Stankovic, John and Field, Eric and Whitehouse, Kamin},
  booktitle={Proceedings of the 8th ACM Conference on Embedded Networked Sensor Systems},
  pages={211--224},
  year={2010},
  organization={ACM}
}
@MISC{house,
  author =       {WBDG courses},
  title =        {Whole Building Design Guide (WBDG) Continuing Education Courses},
  howpublished = {\url{https://www.wbdg.org/education/wbdg_ce.php}},
}
@article{PredictingTime,
  title={Predicting time series with support vector machines},
  author={M{\"u}ller, K-R and Smola, Alexander J and R{\"a}tsch, Gunnar and Sch{\"o}lkopf, Bernhard and Kohlmorgen, Jens and Vapnik, Vladimir},
  booktitle={Artificial Neural Networks¡ªICANN'97},
  pages={999--1004},
  year={1997},
  publisher={Springer}
}
@article{UsingSupport,
  title={Using support vector machines for time series prediction},
  author={Thissen, U and Van Brakel, R and De Weijer, AP and Melssen, WJ and Buydens, LMC},
  journal={Chemometrics and intelligent laboratory systems},
  volume={69},
  number={1},
  pages={35--49},
  year={2003},
  publisher={Elsevier}
}

@article{energyplus,
  title={EnergyPlus: creating a new-generation building energy simulation program},
  author={Crawley, Drury B and Lawrie, Linda K and Winkelmann, Frederick C and Buhl, Walter F and Huang, Y Joe and Pedersen, Curtis O and Strand, Richard K and Liesen, Richard J and Fisher, Daniel E and Witte, Michael J and others},
  journal={Energy and buildings},
  volume={33},
  number={4},
  pages={319--331},
  year={2001},
  publisher={Elsevier}
}

@article{travel,
  title={Travel-time prediction with support vector regression},
  author={Wu, Chun-Hsin and Ho, Jan-Ming and Lee, Der-Tsai},
  journal={Intelligent Transportation Systems, IEEE Transactions on},
  volume={5},
  number={4},
  pages={276--281},
  year={2004},
  publisher={IEEE}
}

@inproceedings{zhao2016learning,
    title={Learning-based occupancy behavior detection for smart buildings},
    author={Zhao, Hengyang and Qi, Zhongdong and Wang, Shujuan and Vafai, Kambiz and Wang, Hai and Chen, Haibao and Tan, Sheldon X-D},
    booktitle={Circuits and Systems (ISCAS), 2016 IEEE International Symposium on},
    pages={954--957},
    year={2016},
    organization={IEEE}
}

@article{Nguyen2013Energy,
  title={Energy intelligent buildings based on user activity: A survey},
  author={Nguyen, Tuan Anh and Aiello, Marco},
  journal={Energy and Buildings},
  volume={56},
  number={1},
  pages={244¨C257},
  year={2013},
}
@article{Dodier2006Building,
  title={Building occupancy detection through sensor belief networks},
  author={Dodier, Robert H. and Henze, Gregor P. and Tiller, Dale K. and Guo, Xin},
  journal={Energy and Buildings},
  volume={38},
  number={9},
  pages={1033-1043},
  year={2006},
}
@article{Ekwevugbe2013Real,
  title={Real-time building occupancy sensing using neural-network based sensor network},
  author={Ekwevugbe, T. and Brown, N. and Pakka, V. and Fan, D.},
  pages={114-119},
  year={2013},
}

@article{schmidhuber2014deep,
  title={Deep learning in neural networks: An overview},
  author={Schmidhuber, J¨¹rgen},
  journal={Neural Networks},
  volume={61},
  pages={85-117},
  year={2014},
}
@article{haykin2004compreh,
  title={A comprehensive foundation},
  author={Haykin, S. and Network, N.},
  journal={Neural Networks},
  year={2004},
}
@article{elman1990finding,
  title={Finding Structure in Time},
  author={Elman, Jeffrey L.},
  journal={Cognitive Science A Multidisciplinary Journal},
  volume={14},
  number={2},
  pages={179-211},
  year={1990},
}
@article{puskorius1996dynamic,
  title={Dynamic neural network methods applied to on-vehicle idle speed control},
  author={Puskorius, G. V. and Feldkamp, L. A. and Davis, L. I.},
  journal={Proceedings of the IEEE},
  volume={84},
  number={10},
  pages={1407-1420},
  year={1996},
}
@book{heath2010sci,
  title={Scientific Computing: An Introductory Survey},
  author={Heath, Michael T. /Munson, Eric M.},
  publisher={McGraw-Hill Higher Education},
  pages={57-63},
  year={2010},
}
@article{hecht1988backprop,
  title={Theory of the backpropagation neural network},
  author={Hecht-Nielsen, Robert},
  journal={Neural Networks},
  volume={1},
  number={1},
  pages={65--93},
  year={1988},
}
@inproceedings{riedmiller1993direct,
  title={A direct adaptive method for faster backpropagation learning: the RPROP algorithm},
  author={Riedmiller, M. and Braun, H.},
  booktitle={IEEE International Conference on Neural Networks},
  pages={586--591},
  year={1993},
}

@article{igel2003empirical,
  title={Empirical evaluation of the improved Rprop learning algorithms},
  author={Igel, Christian and H¨¹sken, Michael},
  journal={Neurocomputing},
  volume={50},
  number={1},
  pages={105-123},
  year={2003},
}
@article{werbos1990backprop,
  title={Backpropagation through time: what it does and how to do it},
  author={Werbos, Paul J.},
  journal={Proceedings of the IEEE},
  volume={78},
  number={10},
  pages={1550-1560},
  year={1990},
}

@inproceedings{Lu:SenSys10,
  author = {Lu, Jiakang and Sookoor, Tamim and Srinivasan, Vijay and Gao, Ge and Holben, Brian and Stankovic, John and Field, Eric and Whitehouse, Kamin},
  title = {The Smart Thermostat: Using Occupancy Sensors to Save Energy in Homes},
  booktitle = {Proceedings of the 8th ACM Conference on Embedded Networked Sensor Systems},
  series = {SenSys '10},
  year = {2010},
  isbn = {978-1-4503-0344-6},
  location = {Z\&\#252;rich, Switzerland},
  pages = {211--224},
  numpages = {14},
  url = {http://doi.acm.org/10.1145/1869983.1870005},
  doi = {10.1145/1869983.1870005},
  acmid = {1870005},
  publisher = {ACM},
  address = {New York, NY, USA},
  keywords = {building energy, home monitoring, programmable thermostats, wireless sensor networks}
}

@webpage{doe_annual,
	author = {{Department of Energy}},
	title = {Annual Energy Review},
	year = {2016},
	url = {https://www.eia.gov/totalenergy/data/annual/index.php#consumption}
}

@article{energyplus:2001vf,
	author = {Crawley, D B and Lawrie, L K and Winkelmann, F C and Buhl, W F and Huang, Y J and Pedersen, C O and Strand, R K and Liesen, R J and Fisher, D E and Witte, M J and Glazer, J},
	title = {{EnergyPlus: creating a new-generation building energy simulation program}},
	journal = {Energy and Buildings},
	year = {2001},
	volume = {33},
	number = {4},
	pages = {319--331},
	month = apr
}

@article{mardaljevic2009daylight,
  title={Daylight metrics and energy savings},
  author={Mardaljevic, John and Heschong, Lisa and Lee, Eleanor},
  journal={Lighting Research \& Technology},
  volume={41},
  number={3},
  pages={261--283},
  year={2009},
  publisher={SAGE Publications Sage UK: London, England}
}

@article{wetter2011co,
  title={Co-simulation of building energy and control systems with the Building Controls Virtual Test Bed},
  author={Wetter, Michael},
  journal={Journal of Building Performance Simulation},
  volume={4},
  number={3},
  pages={185--203},
  year={2011},
  publisher={Taylor \& Francis}
}
